<record><leader>00000cas a2200000 a 4500</leader><controlfield tag="001">6168822</controlfield><controlfield tag="008">800404c19769999oruer ne     f0   a0eng c</controlfield><datafield ind1=" " ind2=" " tag="010"><subfield code="a">sn 93050507 </subfield></datafield><datafield ind1=" " ind2=" " tag="040"><subfield code="a">GZN</subfield><subfield code="b">eng</subfield><subfield code="c">GZN</subfield><subfield code="d">ANU</subfield><subfield code="d">CVF</subfield><subfield code="d">NYS</subfield><subfield code="d">OCLCQ</subfield><subfield code="d">ORU</subfield><subfield code="d">ZP2</subfield><subfield code="d">OCLCQ</subfield><subfield code="d">OCLCO</subfield></datafield><datafield ind1="1" ind2=" " tag="029"><subfield code="a">AU@</subfield><subfield code="b">000026538970</subfield></datafield><datafield ind1=" " ind2=" " tag="042"><subfield code="a">pcc</subfield></datafield><datafield ind1=" " ind2=" " tag="043"><subfield code="a">n-us-or</subfield></datafield><datafield ind1=" " ind2="4" tag="050"><subfield code="a">E78.O6</subfield><subfield code="b">S75x</subfield></datafield><datafield ind1="0" ind2="0" tag="245"><subfield code="a">Spilyay tymoo.</subfield></datafield><datafield ind1="1" ind2="3" tag="246"><subfield code="a">Coyote news</subfield></datafield><datafield ind1="1" ind2=" " tag="246"><subfield code="i">At head of title:</subfield><subfield code="a">Warm Springs news</subfield><subfield code="f">Nov. 5, 1982-June 5, 1987</subfield></datafield><datafield ind1=" " ind2=" " tag="260"><subfield code="a">Warm Springs, Or. :</subfield><subfield code="b">Confederated Tribes of the Warm Springs Reservation of Oregon,</subfield><subfield code="c">1976-</subfield></datafield><datafield ind1=" " ind2=" " tag="300"><subfield code="a">v. :</subfield><subfield code="b">ill. ;</subfield><subfield code="c">41-58 cm.</subfield></datafield><datafield ind1=" " ind2=" " tag="310"><subfield code="a">Biweekly</subfield></datafield><datafield ind1="0" ind2=" " tag="362"><subfield code="a">Vol. 76, no. 1 (Mar. 19, 1976)-</subfield></datafield><datafield ind1=" " ind2=" " tag="515"><subfield code="a">Issues for 1976 called v. 76; issues for 1977- called v. 2-</subfield></datafield><datafield ind1=" " ind2=" " tag="530"><subfield code="a">Also issued on microfilm from University of Oregon.</subfield></datafield><datafield ind1=" " ind2=" " tag="588"><subfield code="a">Latest issue consulted: Vol. 31, no. 8 (Apr. 13, 2006).</subfield></datafield><datafield ind1=" " ind2="0" tag="651"><subfield code="a">Confederated Tribes of the Warm Springs Reservation of Oregon</subfield><subfield code="v">Newspapers.</subfield></datafield><datafield ind1=" " ind2="0" tag="651"><subfield code="a">Warm Springs Indian Reservation (Or.)</subfield><subfield code="v">Newspapers.</subfield></datafield><datafield ind1=" " ind2="0" tag="650"><subfield code="a">Indians of North America</subfield><subfield code="z">Oregon</subfield><subfield code="v">Newspapers.</subfield></datafield><datafield ind1=" " ind2="0" tag="651"><subfield code="a">Warm Springs (Or.)</subfield><subfield code="v">Newspapers.</subfield></datafield><datafield ind1="1" ind2=" " tag="710"><subfield code="a">Confederated Tribes of the Warm Springs Reservation of Oregon.</subfield></datafield><datafield ind1=" " ind2=" " tag="752"><subfield code="a">United States</subfield><subfield code="b">Oregon</subfield><subfield code="c">Jefferson</subfield><subfield code="d">Warm Springs.</subfield></datafield></record>